[gd_scene load_steps=9 format=2]

[ext_resource path="res://scenes/sky.tscn" type="PackedScene" id=1]
[ext_resource path="res://fonts/ForwardFont.tres" type="DynamicFont" id=2]
[ext_resource path="res://scripts/SettingsMenu.gd" type="Script" id=3]
[ext_resource path="res://fonts/fff-forward.regular.ttf" type="DynamicFontData" id=4]

[sub_resource type="GDScript" id=3]
script/source = "extends Popup


# Declare member variables here. Examples:
# var a = 2
# var b = \"text\"


# Called when the node enters the scene tree for the first time.
func _ready():
	Global.connect(\"settings_saved\", self, \"show_popup\") # Replace with function body.


# Called every frame. 'delta' is the elapsed time since the previous frame.
func _process(delta):
	pass
	
func show_popup():
	get_node(\"Message\").text = \"Settings saved!\"
	popup()
	yield(get_tree().create_timer(5.0), \"timeout\")
	hide()
"

[sub_resource type="DynamicFont" id=4]
outline_size = 1
outline_color = Color( 0, 0, 0, 1 )
extra_spacing_top = 10
extra_spacing_bottom = 10
font_data = ExtResource( 4 )

[sub_resource type="DynamicFont" id=1]
outline_size = 1
outline_color = Color( 0, 0, 0, 1 )
extra_spacing_top = 10
extra_spacing_bottom = 10
font_data = ExtResource( 4 )

[sub_resource type="GDScript" id=2]
script/source = "extends MenuButton


# Declare member variables here. Examples:
# var a = 2
# var b = \"text\"


# Called when the node enters the scene tree for the first time.
func _ready():
	get_popup().connect(\"id_pressed\", self, \"set_difficulty\")
	get_popup().add_font_override(\"font\", load(\"res://fonts/ForwardFont.tres\"))
	
func set_difficulty(id):
	Global.difficulty = id
	Global.save_settings()
	
func _process(delta):
	text = get_popup().get_item_text(Global.difficulty)
"

[node name="Control" type="Control"]
anchor_right = 1.0
anchor_bottom = 1.0
script = ExtResource( 3 )
__meta__ = {
"_edit_use_anchors_": false
}

[node name="Popup" type="Popup" parent="."]
visible = true
anchor_left = 1.0
anchor_top = 1.0
anchor_right = 1.0
anchor_bottom = 1.0
margin_left = -288.0
margin_top = -72.0
margin_right = -48.0
margin_bottom = -32.0
script = SubResource( 3 )
__meta__ = {
"_edit_use_anchors_": false
}

[node name="Message" type="Label" parent="Popup"]
anchor_left = 0.5
anchor_top = 0.5
anchor_right = 0.5
anchor_bottom = 0.5
margin_left = -20.0
margin_top = -21.0
margin_right = 20.0
margin_bottom = 21.0
custom_fonts/font = SubResource( 4 )
align = 1
valign = 1
__meta__ = {
"_edit_use_anchors_": false
}

[node name="Back" type="Button" parent="."]
margin_right = 68.0
margin_bottom = 48.0
custom_fonts/font = ExtResource( 2 )
text = "BACK"
__meta__ = {
"_edit_use_anchors_": false
}

[node name="sky" parent="." instance=ExtResource( 1 )]

[node name="MarginContainer" type="MarginContainer" parent="."]
anchor_right = 1.0
anchor_bottom = 1.0
margin_left = 50.0
margin_top = 50.0
margin_right = -50.0
margin_bottom = -50.0
__meta__ = {
"_edit_use_anchors_": false
}

[node name="CenterContainer" type="CenterContainer" parent="MarginContainer"]
margin_right = 1180.0
margin_bottom = 620.0
__meta__ = {
"_edit_use_anchors_": false
}

[node name="VBoxContainer" type="VBoxContainer" parent="MarginContainer/CenterContainer"]
margin_left = 475.0
margin_top = 260.0
margin_right = 705.0
margin_bottom = 360.0

[node name="Difficulty" type="HBoxContainer" parent="MarginContainer/CenterContainer/VBoxContainer"]
margin_right = 230.0
margin_bottom = 48.0

[node name="Difficulty" type="Label" parent="MarginContainer/CenterContainer/VBoxContainer/Difficulty"]
margin_top = 3.0
margin_right = 98.0
margin_bottom = 45.0
custom_fonts/font = SubResource( 1 )
text = "Difficulty"

[node name="MenuButton" type="MenuButton" parent="MarginContainer/CenterContainer/VBoxContainer/Difficulty"]
margin_left = 102.0
margin_right = 114.0
margin_bottom = 48.0
custom_fonts/font = ExtResource( 2 )
flat = false
items = [ "Casual", null, 0, true, false, 0, 0, null, "", false, "Hardcore", null, 0, false, false, 1, 0, null, "", false ]
script = SubResource( 2 )

[node name="DeleteSave" type="Button" parent="MarginContainer/CenterContainer/VBoxContainer"]
margin_top = 52.0
margin_right = 230.0
margin_bottom = 100.0
custom_fonts/font = ExtResource( 2 )
custom_colors/font_color_disabled = Color( 0.921569, 0.109804, 0.109804, 1 )
custom_colors/font_color = Color( 0.921569, 0.109804, 0.109804, 1 )
custom_colors/font_color_hover = Color( 0.921569, 0.109804, 0.109804, 1 )
custom_colors/font_color_pressed = Color( 0.921569, 0.109804, 0.109804, 1 )
text = "DELETE SAVED GAME"
[connection signal="pressed" from="Back" to="." method="_on_Back_pressed"]
